<?xml version="1.0" encoding="UTF-8"?>
<SOAP-ENV:Envelope xmlns:SOAP-ENV="http://schemas.xmlsoap.org/soap/envelope/" xmlns:of="http://oss.dbc.dk/ns/openformat" xmlns:ofo="http://oss.dbc.dk/ns/openformatoutput"><SOAP-ENV:Body><of:formatResponse><marc:record xmlns:marc="http://www.loc.gov/MARC21/slim"><leader>00000njc a22000000c 4500</leader><controlfield tag="001">870970:27593291</controlfield><controlfield tag="003">DKDLA</controlfield><controlfield tag="005">20110404162026.0</controlfield><controlfield tag="007">s|||||||||||||</controlfield><controlfield tag="008">090126s2002    gw |||||||||||||||||mul||</controlfield><datafield ind1=" " ind2="4" tag="245"><subfield code="a">The art of conducting - legendary conductors of a golden era</subfield></datafield><datafield ind1=" " ind2=" " tag="260"><subfield code="b">Teldec Classics International :</subfield><subfield code="b">Warner Music Vision,</subfield><subfield code="c">[2002], 1997</subfield></datafield><datafield ind1=" " ind2=" " tag="300"><subfield code="a">1 dvd-video +</subfield><subfield code="e">1 kommentarhæfte</subfield></datafield><datafield ind1="1" ind2=" " tag="700"><subfield code="a">Celibidache, Sergiu</subfield></datafield><datafield ind1="1" ind2=" " tag="700"><subfield code="a">Cluytens, André</subfield></datafield><datafield ind1="1" ind2=" " tag="700"><subfield code="a">Furtwängler, Wilhelm</subfield></datafield><datafield ind1="1" ind2=" " tag="700"><subfield code="a">Karajan, Herbert von</subfield></datafield><datafield ind1="1" ind2=" " tag="700"><subfield code="a">Kleiber, Erich</subfield></datafield><datafield ind1="1" ind2=" " tag="700"><subfield code="a">Mengelberg, Willem</subfield></datafield><datafield ind1="1" ind2=" " tag="700"><subfield code="a">Mravínskij, Jevgénij</subfield></datafield><datafield ind1="1" ind2=" " tag="700"><subfield code="a">Munch, Charles</subfield></datafield><datafield ind1="1" ind2=" " tag="700"><subfield code="a">Scherchen, Hermann</subfield></datafield><datafield ind1="1" ind2=" " tag="700"><subfield code="a">Talich, Václav</subfield></datafield><datafield ind1="0" ind2=" " tag="710"><subfield code="a">Berlins Filharmoniske Orkester</subfield></datafield><datafield ind1="0" ind2=" " tag="710"><subfield code="a">Bostons Symfoniorkester</subfield></datafield><datafield ind1="0" ind2=" " tag="710"><subfield code="a">Concertgebouw-Orkestret, Amsterdam</subfield></datafield><datafield ind1="0" ind2=" " tag="710"><subfield code="a">Leningrads Filharmoniske Orkester</subfield></datafield><datafield ind1="0" ind2=" " tag="710"><subfield code="a">Münchens Filharmoniske Orkester</subfield></datafield><datafield ind1="0" ind2=" " tag="710"><subfield code="a">Statskapellet Berlin</subfield></datafield><datafield ind1="0" ind2=" " tag="710"><subfield code="a">Stuttgarts Radiosymfoniorkester</subfield></datafield><datafield ind1="0" ind2=" " tag="710"><subfield code="a">Tjekkisk Filharmonisk Orkester</subfield></datafield><datafield ind1="0" ind2=" " tag="710"><subfield code="a">Det Ungarske Statsorkester</subfield></datafield></marc:record></of:formatResponse></SOAP-ENV:Body></SOAP-ENV:Envelope>
